<record><leader>00000cas a22000007a 4500</leader><controlfield tag="001">23806737</controlfield><controlfield tag="008">910520d18931895riuwr ne      0    0eng d</controlfield><datafield ind1=" " ind2=" " tag="010"><subfield code="a">sn 91070506 </subfield></datafield><datafield ind1=" " ind2=" " tag="040"><subfield code="a">RHN</subfield><subfield code="b">eng</subfield><subfield code="c">RHN</subfield><subfield code="d">OCLCQ</subfield><subfield code="d">OCLCO</subfield></datafield><datafield ind1="1" ind2=" " tag="029"><subfield code="a">AU@</subfield><subfield code="b">000025869427</subfield></datafield><datafield ind1=" " ind2=" " tag="042"><subfield code="a">msc</subfield></datafield><datafield ind1=" " ind2=" " tag="043"><subfield code="a">n-us-ri</subfield></datafield><datafield ind1="0" ind2="0" tag="245"><subfield code="a">Burrillville news gazette.</subfield></datafield><datafield ind1=" " ind2=" " tag="260"><subfield code="a">Pascoag, R.I. :</subfield><subfield code="b">Edgar A. Mathewson</subfield></datafield><datafield ind1=" " ind2=" " tag="300"><subfield code="a">v.</subfield></datafield><datafield ind1=" " ind2=" " tag="310"><subfield code="a">Weekly</subfield></datafield><datafield ind1="0" ind2=" " tag="362"><subfield code="a">Vol. 14, no. 1 (Jan. 6, 1893)-v. 16, no. 13 (Mar. 29, 1895) = whole no. 673-whole no. 789.</subfield></datafield><datafield ind1=" " ind2=" " tag="580"><subfield code="a">Also simultaneously published as The Burrillville news, Jan. 6-Mar. 17, 1893, and: The Burrillville gazette, Jan. 6-27, 1893.</subfield></datafield><datafield ind1=" " ind2="0" tag="651"><subfield code="a">Pascoag (R.I.)</subfield><subfield code="v">Newspapers.</subfield></datafield><datafield ind1=" " ind2="0" tag="651"><subfield code="a">Harrisville (R.I.)</subfield><subfield code="v">Newspapers.</subfield></datafield><datafield ind1=" " ind2="0" tag="651"><subfield code="a">Burrillville (R.I. : Town)</subfield><subfield code="v">Newspapers.</subfield></datafield><datafield ind1=" " ind2=" " tag="752"><subfield code="a">United States</subfield><subfield code="b">Rhode Island</subfield><subfield code="c">Providence</subfield><subfield code="d">Pascoag.</subfield></datafield><datafield ind1=" " ind2=" " tag="752"><subfield code="a">United States</subfield><subfield code="b">Rhode Island</subfield><subfield code="c">Providence</subfield><subfield code="d">Harrisville.</subfield></datafield><datafield ind1=" " ind2=" " tag="752"><subfield code="a">United States</subfield><subfield code="b">Rhode Island</subfield><subfield code="c">Providence</subfield><subfield code="d">Burrillville.</subfield></datafield><datafield ind1="0" ind2="4" tag="780"><subfield code="t">Burrillville news</subfield><subfield code="w">(DLC)sn 91070505</subfield></datafield><datafield ind1="0" ind2="4" tag="780"><subfield code="t">Burrillville gazette</subfield><subfield code="w">(DLC)sn 91070504</subfield></datafield><datafield ind1="0" ind2="7" tag="785"><subfield code="t">Pascoag herald (Pascoag, R.I. : 1892)</subfield><subfield code="w">(DLC)sn 90061486</subfield></datafield><datafield ind1="0" ind2="7" tag="785"><subfield code="t">Pascoag herald and Burrillville news-gazette</subfield><subfield code="w">(DLC)sn 91070507</subfield></datafield></record>